@article{buja2005computational,
  title={Computational methods for high-dimensional rotations in data visualization},
  author={Buja, Andreas and Cook, Dianne and Asimov, Daniel and Hurley, Catherine},
  journal={Handbook of Statistics},
  volume={24},
  pages={391--413},
  year={2005},
  publisher={Elsevier},
  url = {https://doi.org/10.1016/S0169-7161(04)24014-7}
}

@article{hotelling1933analysis,
  title={Analysis of a complex of statistical variables into principal components.},
  author={Hotelling, Harold},
  journal={Journal of educational psychology},
  volume={24},
  number={6},
  pages={417},
  year={1933},
  publisher={Warwick \& York}
}

@article{fisher1936use,
  title={The use of multiple measurements in taxonomic problems},
  author={Fisher, Ronald A},
  journal={Annals of eugenics},
  volume={7},
  number={2},
  pages={179--188},
  year={1936},
  publisher={Wiley Online Library}
}

@article{wickham_tourr_2011,
	title = {tourr: {An} {R} {Package} for {Exploring} {Multivariate} {Data} with {Projections}},
	volume = {40},
	issn = {1548-7660},
	shorttitle = {\textbf{tourr}},
	url = {http://www.jstatsoft.org/v40/i02/},
	doi = {10.18637/jss.v040.i02},
	number = {2},
	urldate = {2020-03-12},
	journal = {Journal of Statistical Software},
	author = {Wickham, Hadley and Cook, Dianne and Hofmann, Heike and Buja, Andreas},
	year = {2011},
}


@Manual{R,
  title = {R: A Language and Environment for Statistical Computing},
  author = {{R Core Team}},
  organization = {R Foundation for Statistical Computing},
  address = {Vienna, Austria},
  year = {2021},
  url = {https://www.R-project.org/},
 }
  
@Manual{Allaire_Quarto_2022,
  author = {Allaire, J.J. and Teague, Charles and Scheidegger, Carlos and Xie, Yihui and Dervieux, Christophe},
  doi = {10.5281/zenodo.5960048},
  month = jan,
  title = {{Quarto}},
  url = {https://github.com/quarto-dev/quarto-cli},
  version = {1.2},
  year = {2022}
}

@article{zargar2011review,
  title={A review of drought indices},
  author={Zargar, Amin and Sadiq, Rehan and Naser, Bahman and Khan, Faisal I},
  journal={Environmental Reviews},
  url = {https://www.jstor.org/stable/envirevi.19.333},
  volume={19},
  number={NA},
  pages={333--349},
  year={2011},
  publisher={NRC Research Press}
}

@article{hao_drought_2015,
	title = {Drought characterization from a multivariate perspective: {A} review},
	volume = {527},
	doi = {10.1016/j.jhydrol.2015.05.031},
	journal = {Journal of Hydrology},
	author = {Hao, Zengchao and Singh, Vijay P.},
	month = aug,
	year = {2015},
	doi = {10.1016/j.jhydrol.2015.05.031},
	pages = {668--678},
}

@article{svoboda2016handbook,
  title={Handbook of drought indicators and indices},
  author={Svoboda, Mark and Fuchs, Brian and others},
  journal={Drought and water crises: Integrating science, management, and policy},
  pages={155--208},
  year={2016}
}

@Manual{fundiversity,
  title = {{fundiversity}: Easy Computation of Functional Diversity Indices},
  author = {Matthias Grenié and Hugo Gruson},
  year = {2023},
  note = {R package version 1.1.1},
  url = {https://github.com/funecology/fundiversity},
  doi = {10.5281/zenodo.4761754},
}

@Manual{gpindex,
    title = {gpindex: Generalized Price and Quantity Indexes},
    author = {Steve Martin},
    year = {2023},
    note = {R package version 0.5.0},
    url = {https://CRAN.R-project.org/package=gpindex},
  }
  
@article{yoon_assessment_2012,
	title = {Assessment of social vulnerability to natural disasters: a comparative study},
	volume = {63},
	issn = {1573-0840},
	shorttitle = {Assessment of social vulnerability to natural disasters},
	url = {https://doi.org/10.1007/s11069-012-0189-2},
	doi = {10.1007/s11069-012-0189-2},
	language = {en},
	number = {2},
	urldate = {2023-08-18},
	journal = {Natural Hazards},
	author = {Yoon, D. K.},
	month = sep,
	year = {2012},
	pages = {823--843},
}

@article{tate_social_2012,
	title = {Social vulnerability indices: a comparative assessment using uncertainty and sensitivity analysis},
	volume = {63},
	issn = {1573-0840},
	shorttitle = {Social vulnerability indices},
	url = {https://doi.org/10.1007/s11069-012-0152-2},
	doi = {10.1007/s11069-012-0152-2},
	number = {2},
	urldate = {2023-08-18},
	journal = {Natural Hazards},
	author = {Tate, Eric},
	month = sep,
	year = {2012},
	pages = {325--347},
}


@article{tate_uncertainty_2013,
	title = {Uncertainty {Analysis} for a {Social} {Vulnerability} {Index}},
	volume = {103},
	issn = {0004-5608},
	url = {https://doi.org/10.1080/00045608.2012.700616},
	doi = {10.1080/00045608.2012.700616},
	number = {3},
	urldate = {2023-08-20},
	journal = {Annals of the Association of American Geographers},
	author = {Tate, Eric},
	month = may,
	year = {2013},
	note = {Publisher: Routledge},
	pages = {526--543},
}



@article{laimighofer_how_2022,
	title = {How standard are standardized drought indices? {Uncertainty} components for the {SPI} \& {SPEI} case},
	volume = {613},
	issn = {0022-1694},
	shorttitle = {How standard are standardized drought indices?},
	url = {https://www.sciencedirect.com/science/article/pii/S0022169422009544},
	doi = {10.1016/j.jhydrol.2022.128385},
	urldate = {2023-08-20},
	journal = {Journal of Hydrology},
	author = {Laimighofer, Johannes and Laaha, Gregor},
	month = oct,
	year = {2022},
	pages = {128385},
}


@article{jones_vulnerability_2007,
	title = {Vulnerability index construction: methodological choices and their influence on identifying vulnerable neighbourhoods},
	volume = {4},
	issn = {1471-4825},
	shorttitle = {Vulnerability index construction},
	url = {https://www.inderscienceonline.com/doi/abs/10.1504/IJEM.2007.013994},
	doi = {10.1504/IJEM.2007.013994},
	number = {2},
	urldate = {2023-08-18},
	journal = {International Journal of Emergency Management},
	author = {Jones, Brenda and Andrey, Jean},
	month = jan,
	year = {2007},
	pages = {269--295},
}

@article{svoboda2016handbook,
  title={Handbook of drought indicators and indices},
  author={Svoboda, Mark and Fuchs, Brian and others},
  journal={Drought and water crises: Integrating science, management, and policy},
  pages={155--208},
  year={2016}
}


 @Article{COINr,
    title = {COINr: An R package for developing composite indicators},
    author = {William Becker and Giulio Caperna and Maria {Del Sorbo} and Hedvig Norlen and Eleni Papadimitriou and Michaela Saisana},
    journal = {Journal of Open Source Software},
    year = {2022},
    volume = {7},
    number = {78},
    pages = {4567},
    url = {https://doi.org/10.21105/joss.04567},
    doi = {10.21105/joss.04567},
    publisher = {The Open Journal},
  }

@misc{WEF2023,
  author       = "{World Economic Forum}",
  title        = "{The Global Gender Gap Report 2023}",
  year         = "2023",
  url          = "https://www3.weforum.org/docs/WEF_GGGR_2023.pdf",
  note         = "Accessed: [Insert date accessed]"
}

@article{uncertainty,
    author = {Saisana, M. and Saltelli, A. and Tarantola, S.},
    title = "{Uncertainty and Sensitivity Analysis Techniques as Tools for the Quality Assessment of Composite Indicators}",
    journal = {Journal of the Royal Statistical Society Series A: Statistics in Society},
    volume = {168},
    number = {2},
    pages = {307-323},
    year = {2005},
    month = {03},
    issn = {0964-1998},
    doi = {10.1111/j.1467-985X.2005.00350.x},
}

@book{oecd_handbook_2008,
	title = {Handbook on {Constructing} {Composite} {Indicators}: {Methodology} and {User} {Guide}},
	publisher = {OECD},
	author = {{OECD} and {European Union} and {Joint Research Centre - European Commission}},
	month = aug,
	year = {2008},
	doi = {10.1787/9789264043466-en}
}

@article{alahacoon_comprehensive_2022,
	title = {A comprehensive assessment of remote sensing and traditional based drought monitoring indices at global and regional scale},
	author = {Alahacoon, Niranga and Edirisinghe, Mahesh},
	journal = {Geomatics, Natural Hazards and Risk},
	volume = {13},
	month = dec,
	year = {2022},
	pages = {762--799},
	url = {https://doi.org/10.1080/19475705.2022.2044394}
}

@Manual{tidymodels,
    title = {Tidymodels: a collection of packages for modeling and machine learning using tidyverse principles.},
    author = {Max Kuhn and Hadley Wickham},
    url = {https://www.tidymodels.org},
    year = {2020},
  }


@article{sutherland_orca_2000,
	title = {Orca: {A} {Visualization} {Toolkit} for {High}-{Dimensional} {Data}},
	author = {Sutherland, Peter and Rossini, Anthony and Lumley, Thomas and Lewin-Koh, Nicholas and Dickerson, Julie and Cox, Zach and Cook, Dianne},
	volume = {9},
	journal = {Journal of Computational and Graphical Statistics},
	number = {3},
	urldate = {2022-07-01},
	year = {2000},
	pages = {509--529},
	url = {https://www.jstor.org/stable/1390943}
}



@incollection{buja_elements_1988,
	title = {Elements of a viewing pipeline for data analysis.},
	booktitle = {Dynamic graphics for statistics},
	publisher = {Wadsworth, Belmont},
	author = {Buja, A and Asimov, D and Hurley, C and McDonald, JA},
	year = {1988},
	pages = {277--308}
}

@article{wickham_plumbing_2009,
	title = {The plumbing of interactive graphics},
	author = {Wickham, Hadley and Lawrence, Michael and Cook, Dianne and Buja, Andreas and Hofmann, Heike and Swayne, Deborah F.},
	journal = {Computational Statistics},
	volume = {24},
	number = {2},
	month = {may},
	year = {2009},
	pages = {207--215},
	url = {https://doi.org/10.1007/s00180-008-0116-x}
}

@article{xie_reactive_2014,
	title = {Reactive {Programming} for {Interactive} {Graphics}},
	author = {Xie, Yihui and Hofmann, Heike and Cheng, Xiaoyue},
	journal = {Statistical Science},
	volume = {29},
	number = {2},
	month = {may},
	year = {2014},
	note = {Publisher: Institute of Mathematical Statistics},
	pages = {201--213},
	url = {https://www.jstor.org/stable/43288470?seq=1}
}


@Article{tidyverse,
    title = {Welcome to the {tidyverse}},
    author = {Hadley Wickham and Mara Averick and Jennifer Bryan and Winston Chang and Lucy D'Agostino McGowan and Romain François and Garrett Grolemund and Alex Hayes and Lionel Henry and Jim Hester and Max Kuhn and Thomas Lin Pedersen and Evan Miller and Stephan Milton Bache and Kirill Müller and Jeroen Ooms and David Robinson and Dana Paige Seidel and Vitalie Spinu and Kohske Takahashi and Davis Vaughan and Claus Wilke and Kara Woo and Hiroaki Yutani},
    year = {2019},
    journal = {Journal of Open Source Software},
    volume = {4},
    number = {43},
    pages = {1686},
    doi = {10.21105/joss.01686},
  }
@article{wickham2011,
	title = {tourr: An R Package for Exploring Multivariate Data with Projections},
	author = {Wickham, Hadley and Cook, Dianne and Hofmann, Heike and Buja, Andreas},
	year = {2011},
	date = {2011},
	journal = {Journal of Statistical Software},
	volume = {40},
	number = {2},
	doi = {10.18637/jss.v040.i02},
	url = {http://www.jstatsoft.org/v40/i02/},
	langid = {en}
}


@Manual{SPEI,
    title = {SPEI: Calculation of the Standardised Precipitation-Evapotranspiration
Index},
    author = {Santiago Beguería and Sergio M. Vicente-Serrano},
    year = {2017},
    note = {R package version 1.7},
    url = {https://CRAN.R-project.org/package=SPEI},
  }
  
  
@article{wickham_tidy_2014,
	title = {Tidy {Data}},
	volume = {59},
	issn = {1548-7660},
	url = {https://doi.org/10.18637/jss.v059.i10},
	doi = {10.18637/jss.v059.i10},
	language = {en},
	urldate = {2022-03-21},
	journal = {Journal of Statistical Software},
	author = {Wickham, Hadley},
	month = sep,
	year = {2014},
	pages = {1--23},
}


@Manual{dplyr,
  title = {dplyr: A Grammar of Data Manipulation},
  author = {Hadley Wickham and Romain François and Lionel Henry and Kirill Müller},
  year = {2022},
  note = {https://dplyr.tidyverse.org, https://github.com/tidyverse/dplyr},
}


@inproceedings{mckee1993relationship,
  title={The relationship of drought frequency and duration to time scales},
  author={McKee, Thomas B and Doesken, Nolan J and Kleist, John and others},
  booktitle={Proceedings of the 8th Conference on Applied Climatology},
  volume={17},
  number={22},
  pages={179--183},
  year={1993},
  organization={Boston, MA, USA}
}

@article{spei,
	title = {A {Multiscalar} {Drought} {Index} {Sensitive} to {Global} {Warming}: {The} {Standardized} {Precipitation} {Evapotranspiration} {Index}},
	author = {Vicente-Serrano, Sergio M. and Beguería, Santiago and López-Moreno, Juan I.},
	volume = {23},
	number = {7},
	urldate = {2022-05-13},
	journal = {Journal of Climate},
	month = apr,
	year = {2010},
	note = {Publisher: American Meteorological Society
Section: Journal of Climate},
	pages = {1696--1718},
	url = {https://journals.ametsoc.org/view/journals/clim/23/7/2009jcli2909.1.xml}
}

@article{wickham_welcome_2019,
	title = {Welcome to the {Tidyverse}},
	volume = {4},
	issn = {2475-9066},
	url = {https://joss.theoj.org/papers/10.21105/joss.01686},
	doi = {10.21105/joss.01686},
	number = {43},
	urldate = {2022-06-02},
	journal = {Journal of Open Source Software},
	author = {Wickham, Hadley and Averick, Mara and Bryan, Jennifer and Chang, Winston and McGowan, Lucy D'Agostino and François, Romain and Grolemund, Garrett and Hayes, Alex and Henry, Lionel and Hester, Jim and Kuhn, Max and Pedersen, Thomas Lin and Miller, Evan and Bache, Stephan Milton and Müller, Kirill and Ooms, Jeroen and Robinson, David and Seidel, Dana Paige and Spinu, Vitalie and Takahashi, Kohske and Vaughan, Davis and Wilke, Claus and Woo, Kara and Yutani, Hiroaki},
	month = nov,
	year = {2019},
	pages = {1686},
}


