@article{alahacoon_comprehensive_2022,
	title = {A comprehensive assessment of remote sensing and traditional based drought monitoring indices at global and regional scale},
	author = {Alahacoon, Niranga and Edirisinghe, Mahesh},
	journal = {Geomatics, Natural Hazards and Risk},
	volume = {13},
	month = dec,
	year = {2022},
	pages = {762--799},
	url = {https://doi.org/10.1080/19475705.2022.2044394}
}

@Manual{tidymodel,
    title = {Tidymodels: a collection of packages for modeling and machine learning using tidyverse principles.},
    author = {Max Kuhn and Hadley Wickham},
    url = {https://www.tidymodels.org},
    year = {2020},
  }


@article{sutherland_orca_2000,
	title = {Orca: {A} {Visualization} {Toolkit} for {High}-{Dimensional} {Data}},
	author = {Sutherland, Peter and Rossini, Anthony and Lumley, Thomas and Lewin-Koh, Nicholas and Dickerson, Julie and Cox, Zach and Cook, Dianne},
	volume = {9},
	journal = {Journal of Computational and Graphical Statistics},
	number = {3},
	urldate = {2022-07-01},
	year = {2000},
	pages = {509--529},
	url = {https://www.jstor.org/stable/1390943}
}



@incollection{buja_elements_1988,
	title = {Elements of a viewing pipeline for data analysis.},
	booktitle = {Dynamic graphics for statistics},
	publisher = {Wadsworth, Belmont},
	author = {Buja, A and Asimov, D and Hurley, C and McDonald, JA},
	year = {1988},
	pages = {277--308}
}

@article{wickham_plumbing_2009,
	title = {The plumbing of interactive graphics},
	author = {Wickham, Hadley and Lawrence, Michael and Cook, Dianne and Buja, Andreas and Hofmann, Heike and Swayne, Deborah F.},
	journal = {Computational Statistics},
	volume = {24},
	number = {2},
	month = {may},
	year = {2009},
	pages = {207--215},
	url = {https://doi.org/10.1007/s00180-008-0116-x}
}

